
\usepackage{textcomp}
@inproceedings{ahn2019analysis,
  title={Analysis and Noise Modeling of the Intel RealSense D435 for Mobile Robots},
  author={Ahn, Min Sung and Chae, Hosik and Noh, Donghun and Nam, Hyunwoo and Hong, Dennis},
  booktitle={2019 16th International Conference on Ubiquitous Robots (UR)},
  pages={707--711},
  year={2019},
  organization={IEEE}
}

@article{brown2003advances_in_stereo,
  title={Advances in computational stereo},
  author={Brown, Myron Z and Burschka, Darius and Hager, Gregory D},
  journal={IEEE transactions on pattern analysis and machine intelligence},
  volume={25},
  number={8},
  pages={993--1008},
  year={2003},
  publisher={IEEE}
}
@manual{Realsense_obrazek,
  journal = {Intelrealsense},
  title = {The Intel® RealSense™ Depth Camera D435},
  urldate = {2020-04-08},
  url = {https://www.intelrealsense.com/depth-camera-d435/},
}

@manual{RealSense_datasheet,
  title = {Intel® RealSense™ D400 Series Product Family},
  subtitle = {datasheet},
  year = {2019},
  urldate = {2020-04-08},
  url = {https://www.intel.com/content/dam/support/us/en/documents/emerging-technologies/intel-realsense-technology/Intel-RealSense-D400-Series-Datasheet.pdf},
}

@inproceedings{chen2018_realsense_fusion,
  title={Improving realsense by fusing color stereo vision and infrared stereo vision for the visually impaired},
  author={Chen, Hao and Wang, Kaiwei and Yang, Kailun},
  booktitle={Proceedings of the 2018 International Conference on Information Science and System},
  pages={142--146},
  year={2018}
}

#dokument zkoumající vlastnosti realsense R200
@inproceedings{keselman2017intel,
  title={Intel realsense stereoscopic depth cameras},
  author={Keselman, Leonid and Iselin Woodfill, John and Grunnet-Jepsen, Anders and Bhowmik, Achintya},
  booktitle={Proceedings of the IEEE Conference on Computer Vision and Pattern Recognition Workshops},
  pages={1--10},
  year={2017}
}
@misc{RodriguesRotationFormula,
    author   = {Weisstein Eric W., Belonie, Serge},
    title    = {Rodrigues' Rotation Formula},
    subtitle = {From MathWorld--A Wolfram Web Resource},
    note     = {Visited on 8/04/20},
    url      = {https://mathworld.wolfram.com/RodriguesRotationFormula.html}
}
@misc{james_w_angle_2014,
	title = {Angle {Between} {Vectors}},
	url = {https://www.jwwalker.com/pages/angle-between-vectors.html},
	urldate = {2020-04-09},
	author = {James W., Walker},
	month = {nov},
	year = {2014}
}

@book{Werner2020,
  author = {Tomáš Werner},
  title = {Optimalizace},
  subtitle = {Elektronickcká skripta předmětu B0B33OPT},
  publisher = {České vysoké učení technické},
  year = {2020},
  edition = {11.2.2020},
  medium = {online},
  accessed = {2020-04-09},
  URL = {https://cw.fel.cvut.cz/b191/_media/courses/b0b33opt/opt.pdf},
}
@book{hartley2004multiple,
  title={Multiple View Geometry in Computer Vision},
  author={Hartley, R. and Zisserman, A.},
  isbn={9781139449144},
  url={https://books.google.cz/books?id=e30hAwAAQBAJ},
  year={2004},
  publisher={Cambridge University Press}
}

@misc{washingtion_steropic,
  booktitle = {},
  title = {Stereo and 3D Vision},
  address = {The University of Washington},
  medium = {online},
  accessed = {2020-04-11},
  URL = {https://courses.cs.washington.edu/courses/cse455/09wi/Lects/lect16.pdf},
}
@incollection{dominguez2012stereo,
  title={Stereo matching: From the basis to neuromorphic engineering},
  author={Dom{\'\i}nguez-Morales, M and Jim{\'e}nez-Fern{\'a}ndez, A and Paz-Vicente, R and Linares-Barranco, A and Jim{\'e}nez-Moreno, G},
  booktitle={Current Advancements in Stereo Vision},
  year={2012},
  publisher={IntechOpen}
}
@article{kuhl2005comparison,
  title={Comparison of stereo matching algorithms for mobile robots},
  author={Kuhl, Annika},
  journal={The University of Western Australia Faculty of Engineering, Computing and Mathematics},
  year={2005},
  publisher={Citeseer}
}

@article{RANSAC_plane,
  title={CC-RANSAC: Fitting planes in the presence of multiple surfaces in range data},
  author={Gallo, Orazio and Manduchi, Roberto and Rafii, Abbas},
  journal={Pattern Recognition Letters},
  volume={32},
  number={3},
  pages={403--410},
  year={2011},
  publisher={Elsevier}
}
@inproceedings{single_RGBD_reconstruction,
  TITLE = {{3D reconstruction of indoor scenes using a single RGB-D image}},
  AUTHOR = {Bokaris, Panagiotis-Alexandros and Muselet, Damien and Tr{\'e}meau, Alain},
  URL = {https://hal-ujm.archives-ouvertes.fr/ujm-01486563},
  BOOKTITLE = {{12th International Conference on Computer Vision Theory and Applications (VISAPP 2017)}},
  ADDRESS = {Porto, Portugal},
  YEAR = {2017},
  MONTH = Feb,
  KEYWORDS = {Manhattan World ; 3D reconstruction ; Cuboid fitting ; Kinect ; RGB-D ; RANSAC ; Bounding box ; Point cloud},
  PDF = {https://hal-ujm.archives-ouvertes.fr/ujm-01486563/file/Visapp_Alex_CameraReady.pdf},
  HAL_ID = {ujm-01486563},
  HAL_VERSION = {v1},
}

@inproceedings{lee2012indoor,
  title={Indoor mapping using planes extracted from noisy RGB-D sensors},
  author={Lee, Tae-kyeong and Lim, Seungwook and Lee, Seongsoo and An, Shounan and Oh, Se-young},
  booktitle={2012 IEEE/RSJ International Conference on Intelligent Robots and Systems},
  pages={1727--1733},
  year={2012},
  organization={IEEE}
}

@inproceedings{lai2011large,
  title={A large-scale hierarchical multi-view rgb-d object dataset},
  author={Lai, Kevin and Bo, Liefeng and Ren, Xiaofeng and Fox, Dieter},
  booktitle={2011 IEEE international conference on robotics and automation},
  pages={1817--1824},
  year={2011},
  organization={IEEE}
}
@inproceedings{holz2011real,
  title={Real-time plane segmentation using RGB-D cameras},
  author={Holz, Dirk and Holzer, Stefan and Rusu, Radu Bogdan and Behnke, Sven},
  booktitle={Robot Soccer World Cup},
  pages={306--317},
  year={2011},
  organization={Springer}
}

@inproceedings{wang2015dominant,
  title={Dominant plane detection using a RGB-D camera for autonomous navigation},
  author={Wang, Jiefei and Garratt, Matthew and Anavatti, Sreenatha},
  booktitle={2015 6th International Conference on Automation, Robotics and Applications (ICARA)},
  pages={456--460},
  year={2015},
  organization={IEEE}
}
@inproceedings{rusu2009close,
  title={Close-range scene segmentation and reconstruction of 3D point cloud maps for mobile manipulation in domestic environments},
  author={Rusu, Radu Bogdan and Blodow, Nico and Marton, Zoltan Csaba and Beetz, Michael},
  booktitle={2009 IEEE/RSJ International Conference on Intelligent Robots and Systems},
  pages={1--6},
  year={2009},
  organization={IEEE}
}
@article{trevor2013efficient,
  title={Efficient organized point cloud segmentation with connected components},
  author={Trevor, Alexander JB and Gedikli, Suat and Rusu, Radu B and Christensen, Henrik I},
  journal={Semantic Perception Mapping and Exploration (SPME)},
  year={2013}
}

@article{zhang2016fast,
  title={Fast plane segmentation with line primitives for RGB-D sensor},
  author={Zhang, Lizhi and Chen, Diansheng and Liu, Weihui},
  journal={International Journal of Advanced Robotic Systems},
  volume={13},
  number={6},
  pages={1729881416665846},
  year={2016},
  publisher={SAGE Publications Sage UK: London, England}
}

@article{segmentace_metody,
  title={Various image segmentation techniques: a review},
  author={Kaur, Dilpreet and Kaur, Yadwinder},
  journal={International Journal of Computer Science and Mobile Computing},
  volume={3},
  number={5},
  pages={809--814},
  year={2014}
}

@article{chan1996optimal,
  title={Optimal output-sensitive convex hull algorithms in two and three dimensions},
  author={Chan, Timothy M},
  journal={Discrete \& Computational Geometry},
  volume={16},
  number={4},
  pages={361--368},
  year={1996},
  publisher={Springer}
}


@INPROCEEDINGS{convex_hull_review,
    author={R. V. {Chadnov} and A. V. {Skvortsov}},
    booktitle={Proceedings. The 8th Russian-Korean International Symposium on Science and Technology, 2004. KORUS 2004.},
    title={Convex hull algorithms review},
    year={2004},
    volume={2},
    number={}, 
    pages={112-115 vol. 2},
}
@inproceedings{convex_hull_formalizing,
  title={Formalizing convex hull algorithms},
  author={Pichardie, David and Bertot, Yves},
  booktitle={International Conference on Theorem Proving in Higher Order Logics},
  pages={346--361},
  year={2001},
  organization={Springer}
}

@article{toussaint1984complexity,
  title={Complexity, convexity, and unimodality},
  author={Toussaint, Godfried T},
  journal={International journal of computer \& information sciences},
  volume={13},
  number={3},
  pages={197--217},
  year={1984},
  publisher={Springer}
}
@article{suzuki1985topological,
  title={Topological structural analysis of digitized binary images by border following},
  author={Suzuki, Satoshi and others},
  journal={Computer vision, graphics, and image processing},
  volume={30},
  number={1},
  pages={32--46},
  year={1985},
  publisher={Elsevier}
}
@article{fischler1981random,
  title={Random sample consensus: a paradigm for model fitting with applications to image analysis and automated cartography},
  author={Fischler, Martin A and Bolles, Robert C},
  journal={Communications of the ACM},
  volume={24},
  number={6},
  pages={381--395},
  year={1981},
  publisher={ACM New York, NY, USA}
}
@article{derpanis2010overview,
  title={Overview of the RANSAC Algorithm},
  author={Derpanis, Konstantinos G},
  journal={Image Rochester NY},
  volume={4},
  number={1},
  pages={2--3},
  year={2010}
}
@article{haralick1987image,
  title={Image analysis using mathematical morphology},
  author={Haralick, Robert M and Sternberg, Stanley R and Zhuang, Xinhua},
  journal={IEEE transactions on pattern analysis and machine intelligence},
  number={4},
  pages={532--550},
  year={1987},
  publisher={IEEE}
}
@article{comer1999morphological,
  title={Morphological operations for color image processing},
  author={Comer, Mary L and Delp, Edward J},
  journal={J. Electronic Imaging},
  volume={8},
  number={3},
  pages={279--289},
  year={1999}
}
@inproceedings{kmeans_seg,
  title={LIDAR data classification using hierarchical K-means clustering},
  author={Chehata, Nesrine and David, Nicolas and Bretar, Fr{\'e}d{\'e}ric},
  booktitle={ISPRS Congress Beijing 2008},
  volume={37},
  number={B3b},
  pages={325--330},
  year={2008},
  organization={Citeseer}
}

@article{dbscan_clustering,
  title={Rockfall detection from terrestrial LiDAR point clouds: A clustering approach using R},
  author={Tonini, Marj and Abellan, Antonio},
  journal={Journal of Spatial Information Science},
  volume={2014},
  number={8},
  pages={95--110},
  year={2014}
}

@article{chang2011fast,
  title={Fast oriented bounding box optimization on the rotation group SO (3, R)},
  author={Chang, Chia-Tche and Gorissen, Bastien and Melchior, Samuel},
  journal={ACM Transactions on Graphics (TOG)},
  volume={30},
  number={5},
  pages={1--16},
  year={2011},
  publisher={ACM New York, NY, USA}
}
@inproceedings{jia20133d,
  title={3d-based reasoning with blocks, support, and stability},
  author={Jia, Zhaoyin and Gallagher, Andrew and Saxena, Ashutosh and Chen, Tsuhan},
  booktitle={Proceedings of the IEEE Conference on Computer Vision and Pattern Recognition},
  pages={1--8},
  year={2013}
}
@article{garcia2009fitting,
  title={Fitting primitive shapes to point clouds for robotic grasping},
  author={Garcia, Sergio},
  journal={Master of Science Thesis. School of Computer Science and Communication, Royal Institute of Technology, Stockholm, Sweden},
  year={2009}
}

@inproceedings{huebner2008minimum,
  title={Minimum volume bounding box decomposition for shape approximation in robot grasping},
  author={Huebner, Kai and Ruthotto, Steffen and Kragic, Danica},
  booktitle={2008 IEEE International Conference on Robotics and Automation},
  pages={1628--1633},
  year={2008},
  organization={IEEE}
}
@inproceedings{kim2014object,
  title={Object detection using RGBD data for interactive robotic manipulation},
  author={Kim, Jun-Sik},
  booktitle={2014 11th International Conference on Ubiquitous Robots and Ambient Intelligence (URAI)},
  pages={339--343},
  year={2014},
  organization={IEEE}
}

@incollection{ward2019rgb,
  title={RGB-D image-based Object Detection: From traditional methods to deep learning techniques},
  author={Ward, Isaac Ronald and Laga, Hamid and Bennamoun, Mohammed},
  booktitle={RGB-D Image Analysis and Processing},
  pages={169--201},
  year={2019},
  publisher={Springer}
}

@inproceedings{lai2012detection,
  title={Detection-based object labeling in 3d scenes},
  author={Lai, Kevin and Bo, Liefeng and Ren, Xiaofeng and Fox, Dieter},
  booktitle={2012 IEEE International Conference on Robotics and Automation},
  pages={1330--1337},
  year={2012},
  organization={IEEE}
}
        
@InProceedings{pcl,
  author    = {Radu Bogdan Rusu and Steve Cousins},
  title     = {{3D is here: Point Cloud Library (PCL)}},
  booktitle = {{IEEE International Conference on Robotics and Automation (ICRA)}},
  month     = {May 9-13},
  year      = {2011},
  address   = {Shanghai, China}
}

@misc{bussinesinsider,
  journal = {Businessinsider},
  title = {Drone market outlook: industry growth trends, market stats and forecast},
  year = {2020},
  medium = {online},
  accessed = {2020-05-17},
  URL = {https://www.businessinsider.com/drone-industry-analysis-market-trends-growth-forecasts},
}
@article{opencv_library,
    author = {Bradski, G.},
    citeulike-article-id = {2236121},
    journal = {Dr. Dobb's Journal of Software Tools},
    keywords = {bibtex-import},
    posted-at = {2008-01-15 19:21:54},
    priority = {4},
    title = {{The OpenCV Library}},
    year = {2000}
}
@misc{epipolar_pic,
  journal = {Epipolar Geometry},
  title = {Epipolární geometrie},
  address = {University of Oxford},
  year = {1997},
  medium = {online},
  accessed = {2020-05-19},
  URL = {http://homepages.inf.ed.ac.uk/rbf/CVonline/LOCAL_COPIES/EPSRC_SSAZ/node18.html},
}
@inproceedings{gao2010improved,
  title={An improved Sobel edge detection},
  author={Gao, Wenshuo and Zhang, Xiaoguang and Yang, Lei and Liu, Huizhong},
  booktitle={2010 3rd international conference on computer science and information technology},
  volume={5},
  pages={67--71},
  year={2010},
  organization={IEEE}
}
@inproceedings{jin2009edge,
  title={Edge detection of images based on improved Sobel operator and genetic algorithms},
  author={Jin-Yu, Zhang and Yan, Chen and Xian-Xiang, Huang},
  booktitle={2009 International Conference on Image Analysis and Signal Processing},
  pages={31--35},
  year={2009},
  organization={IEEE}
}
@article{derpanis2005mean,
  title={Mean shift clustering},
  author={Derpanis, Konstantinos G},
  journal={Lecture Notes},
  pages={32},
  year={2005},
  publisher={Citeseer}
}
